<?xml version="1.0" encoding="UTF-8"?><collection xmlns="http://www.loc.gov/MARC21/slim"><record><leader>00432nam--2200133-i-4500</leader><controlfield tag="001">000010967</controlfield><controlfield tag="002">20161230</controlfield><controlfield tag="005">20161230201029</controlfield><controlfield tag="008">060222s1000------------r-----000-0-eng-d</controlfield><datafield ind1=" " ind2=" " tag="080"><subfield code="a">658.562(043): 621.039.58(043)</subfield></datafield><datafield ind1=" " ind2=" " tag="100"><subfield code="a">Alsan, Sezgin</subfield></datafield><datafield ind1=" " ind2=" " tag="245"><subfield code="a">Etude de la fiabilite des systemes de securite dans les reacteurs nucleaires these</subfield></datafield><datafield ind1=" " ind2=" " tag="260"><subfield code="a">Grenoble, Universite Scientifique Et Medicale De Grenoble, 1972 77 Pp</subfield></datafield><datafield ind1=" " ind2=" " tag="852"><subfield code="a">40472</subfield></datafield></record></collection>